<record><leader>00000cas a22000007a 4500</leader><controlfield tag="001">29501742</controlfield><controlfield tag="008">931215d19381969okuwr ne      0    0eng d</controlfield><datafield ind1=" " ind2=" " tag="010"><subfield code="a">sn 93066255 </subfield></datafield><datafield ind1=" " ind2=" " tag="040"><subfield code="a">OBN</subfield><subfield code="b">eng</subfield><subfield code="c">OBN</subfield><subfield code="d">OCL</subfield><subfield code="d">OCLCQ</subfield></datafield><datafield ind1=" " ind2=" " tag="042"><subfield code="a">msc</subfield></datafield><datafield ind1="0" ind2="0" tag="245"><subfield code="a">Hollis weekly news.</subfield></datafield><datafield ind1="1" ind2="7" tag="246"><subfield code="a">Hollis (Oklahoma) weekly news</subfield></datafield><datafield ind1=" " ind2=" " tag="260"><subfield code="a">Hollis, Harmon County, Okla. :</subfield><subfield code="b">R.F. Dudley</subfield></datafield><datafield ind1=" " ind2=" " tag="300"><subfield code="a">v.</subfield></datafield><datafield ind1=" " ind2=" " tag="310"><subfield code="a">Weekly</subfield></datafield><datafield ind1="0" ind2=" " tag="362"><subfield code="a">-v. 36, no. 47 (Aug. 21, 1969).</subfield></datafield><datafield ind1="1" ind2=" " tag="362"><subfield code="a">Began in 1938.</subfield></datafield><datafield ind1=" " ind2=" " tag="588"><subfield code="a">Description based on: Vol. 10, no. 19 (Feb. 4, 1943).</subfield></datafield><datafield ind1=" " ind2="4" tag="651"><subfield code="a">Hollis (Okla.)</subfield><subfield code="v">Newspapers.</subfield></datafield><datafield ind1=" " ind2="4" tag="651"><subfield code="a">Harmon County (Okla.)</subfield><subfield code="v">Newspapers.</subfield></datafield><datafield ind1=" " ind2=" " tag="752"><subfield code="a">United States</subfield><subfield code="b">Oklahoma</subfield><subfield code="c">Harmon</subfield><subfield code="d">Hollis.</subfield></datafield><datafield ind1="0" ind2="0" tag="780"><subfield code="t">Hollis daily news</subfield></datafield><datafield ind1="0" ind2="5" tag="780"><subfield code="t">Hollis post-herald (Hollis, Okla.)</subfield><subfield code="w">(DLC)sn 93066253</subfield><subfield code="w">(OCoLC)29501422</subfield></datafield><datafield ind1="0" ind2="5" tag="780"><subfield code="t">Harmon County leader</subfield><subfield code="w">(DLC)sn 93066254</subfield><subfield code="w">(OCoLC)29501477</subfield></datafield><datafield ind1="0" ind2="0" tag="785"><subfield code="t">Hollis news</subfield><subfield code="w">(DLC)sn 93066256</subfield><subfield code="w">(OCoLC)29501806</subfield></datafield><datafield ind1="1" ind2=" " tag="029"><subfield code="a">AU@</subfield><subfield code="b">000010738245</subfield></datafield></record>